@article{maldonado2016stable,
  title={Stable engraftment of Bifidobacterium longum AH1206 in the human gut depends on individualized features of the resident microbiome},
  author={Maldonado-G{\'o}mez, Mar{\'\i}a X and Mart{\'\i}nez, In{\'e}s and Bottacini, Francesca and Oâ€™Callaghan, Amy and Ventura, Marco and van Sinderen, Douwe and Hillmann, Benjamin and Vangay, Pajau and Knights, Dan and Hutkins, Robert W and others},
  journal={Cell host \& microbe},
  volume={20},
  number={4},
  pages={515--526},
  year={2016},
  publisher={Elsevier}
}
