@article{kim2022resource,
  title={Resource-allocation constraint governs structure and function of microbial communities in metabolic modeling},
  author={Kim, Minsuk and Sung, Jaeyun and Chia, Nicholas},
  journal={Metabolic Engineering},
  volume={70},
  pages={12--22},
  year={2022},
  publisher={Elsevier}
}
